<?xml version="1.0" encoding="UTF-8"?><collection xmlns="http://www.loc.gov/MARC21/slim"><record><leader>00428nam--2200133-i-4500</leader><controlfield tag="001">000034560</controlfield><controlfield tag="002">20161230</controlfield><controlfield tag="005">20161230201040</controlfield><controlfield tag="008">060222s1000------------r-----000-0-eng-d</controlfield><datafield ind1=" " ind2=" " tag="080"><subfield code="a">5(09:498):6(09:498):930.85(498)</subfield></datafield><datafield ind1=" " ind2=" " tag="100"><subfield code="a">Nicolau, Edm., Stefan, I.M</subfield></datafield><datafield ind1=" " ind2=" " tag="245"><subfield code="a">Scurta istorie a creatiei stiintifice si tehnice romanesti. cuvint inainte de mihail florescu</subfield></datafield><datafield ind1=" " ind2=" " tag="260"><subfield code="a">Bucuresti, Editura Albatros, 1981. 288p</subfield></datafield><datafield ind1=" " ind2=" " tag="852"><subfield code="a">75687</subfield></datafield></record></collection>